@article{tropvoronoi,
   title={Tropical Bisectors and {V}oronoi diagrams},
   ISSN={1615-3383},
   url={http://dx.doi.org/10.1007/s10208-021-09538-4},
   DOI={10.1007/s10208-021-09538-4},
   journal={Foundations of Computational Mathematics},
   publisher={Springer Science and Business Media LLC},
   author={Criado, Francisco and Joswig, Michael and Santos, Francisco},
   year={2021},
   month={Sep}
}

@article{symedgepol,
   title={{A}rithmetic aspects of symmetric edge polytopes},
   volume={65},
   ISSN={2041-7942},
   url={http://dx.doi.org/10.1112/S0025579319000147},
   DOI={10.1112/s0025579319000147},
   number={3},
   journal={Mathematika},
   publisher={Wiley},
   author={Higashitani, Akihiro and Jochemko, Katharina and Michalek, Mateusz},
   year={2019},
   month={Jan},
   pages={763â€“784}
}

@article{ardila2011root,
  title={Root polytopes and growth series of root lattices},
  author={Ardila, Federico and Beck, Matthias and Ho{\c{s}}ten, Serkan and Pfeifle, Julian and Seashore, Kim},
  journal={SIAM Journal on Discrete Mathematics},
  volume={25},
  number={1},
  pages={360--378},
  year={2011},
  publisher={SIAM}
}

@book{de2010triangulations,
  title={Triangulations: {S}tructures for {A}lgorithms and {A}pplications},
  author={De Loera, Jes{\'u}s and Rambau, J{\"o}rg and Santos, Francisco},
  volume={25},
  year={2010},
  publisher={Springer Science \& Business Media}
}

@article{ccelik2021wasserstein,
  title={Wasserstein distance to independence models},
  author={{\c{C}}elik, T{\"u}rk{\"u} {\"O}zl{\"u}m and Jamneshan, Asgar and Mont{\'u}far, Guido and Sturmfels, Bernd and Venturello, Lorenzo},
  journal={Journal of Symbolic Computation},
  volume={104},
  pages={855--873},
  year={2021},
  publisher={Elsevier}
}

@article{higashitani2015smooth,
  title={Smooth Fano polytopes arising from finite directed graphs},
  author={Higashitani, Akihiro},
  journal={Kyoto Journal of Mathematics},
  volume={55},
  number={3},
  pages={579--592},
  year={2015},
  publisher={Duke University Press}
}

@book {Ziegler,
    AUTHOR = {Ziegler, G\"{u}nter M.},
     TITLE = {Lectures on polytopes},
    SERIES = {Graduate Texts in Mathematics},
    VOLUME = {152},
 PUBLISHER = {Springer-Verlag, New York},
      YEAR = {1995},
     PAGES = {x+370},
      ISBN = {0-387-94365-X},
   MRCLASS = {52Bxx},
  MRNUMBER = {1311028},
MRREVIEWER = {Margaret M. Bayer},
       DOI = {10.1007/978-1-4613-8431-1},
       URL = {https://doi.org/10.1007/978-1-4613-8431-1},
}

@book {Grunbaum,
    AUTHOR = {Gr\"{u}nbaum, Branko},
     TITLE = {Convex polytopes},
    SERIES = {Graduate Texts in Mathematics},
    VOLUME = {221},
   EDITION = {Second},
      NOTE = {Prepared and with a preface by Volker Kaibel, Victor Klee and
              G\"{u}nter M. Ziegler},
 PUBLISHER = {Springer-Verlag, New York},
      YEAR = {2003},
     PAGES = {xvi+468},
      ISBN = {0-387-00424-6; 0-387-40409-0},
   MRCLASS = {52-01 (52Bxx)},
  MRNUMBER = {1976856},
MRREVIEWER = {Alexander Zvonkin},
       DOI = {10.1007/978-1-4613-0019-9},
       URL = {https://doi.org/10.1007/978-1-4613-0019-9},
}

@book {Aurenhammer,
    AUTHOR = {Aurenhammer, Franz and Klein, Rolf and Lee, Der-Tsai},
     TITLE = {Voronoi diagrams and {D}elaunay triangulations},
 PUBLISHER = {World Scientific Publishing Co. Pte. Ltd., Hackensack, NJ},
      YEAR = {2013},
     PAGES = {viii+337},
      ISBN = {978-981-4447-63-8},
   MRCLASS = {52-02 (52C17 52C20)},
  MRNUMBER = {3186045},
MRREVIEWER = {Mathieu Dutour Sikiri\'{c}},
       DOI = {10.1142/8685},
       URL = {https://doi.org/10.1142/8685},
}
